
@inbook{libro_mv,
    author       = "Y.A. Çengel and M.A. Boles", 
    title        = {Thermodynamics: an engineering approach},
    chapter      = 12,
    pages        = {649},
    publisher    = {McGraw-Hill Education},
    year         = 2019,
    volume       = {},
    series       = {},
    address      = {2 Penn Plaza, New York, NY 10121},
    edition      = 9,
    month        = {},
    note         = {}
}

@inbook{anderson,
    author       = {John D. Anderson, Jr.}, 
    title        = {Fundamentals of Aerodynamics},
    chapter      = 8,
    pages        = {555-560},
    publisher    = {McGraw-Hill Education},
    year         = 2020,
    volume       = {},
    series       = {},
    address      = {1221 Avenue of the Americas, New York, NY 10020},
    edition      = 5,
    month        = {},
    note         = {}
}

@inbook{kundu,
    author       = {{Pijush K. Kundu} and {Ira M. Cohen} and {David R. Dowling}}, 
    title        = {Fluid Mechanics},
    chapter      = 4,
    pages        = {164},
    publisher    = {Elsevier},
    year         = 2016,
    volume       = {},
    series       = {},
    address      = {125, London Wall, EC2Y 5AS},
    edition      = 6,
    month        = {},
    note         = {}
}

@inbook{kundu_2,
    author       = {{Pijush K. Kundu} and {Ira M. Cohen} and {David R. Dowling}}, 
    title        = {Fluid Mechanics},
    chapter      = 6,
    pages        = {233-235},
    publisher    = {Elsevier},
    year         = 2016,
    volume       = {},
    series       = {},
    address      = {125, London Wall, EC2Y 5AS},
    edition      = 6,
    month        = {},
    note         = {}
}

@inbook{anderson_2,
    author       = {John D. Anderson, Jr.}, 
    title        = {Fundamentals of Aerodynamics},
    chapter      = 3,
    pages        = {224-227},
    publisher    = {McGraw-Hill Education},
    year         = 2020,
    volume       = {},
    series       = {},
    address      = {1221 Avenue of the Americas, New York, NY 10020},
    edition      = 5,
    month        = {},
    note         = {}
}

@inbook{heat_mass_transfer,
  author    = {{E.R.G. Eckert} and {Robert M. Drake Jr.}},
  title     = {Analysis of Heat and Mass Transfer},
  publisher = {CRC Press},
  year      = 1985,
  volume    = {},
  series    = {},
  address   = {},
  edition   = {},
  month     = 1,
  note      = {806 pàgines},
  isbn      = {0891165533}
}

@inbook{cumpsty,
    author       = {Cumpsty, N. A.}, 
    title        = {Jet Propulsion. A Simple Guide to the Aerodynamic and Thermodynamic Design and Performance of Jet Engines},
    chapter      = 6,
    publisher    = {Cambridge University Press},
    pages        = {61-64},
    year         = 2003,
    volume       = {},
    series       = {},
    address      = {The Edinburgh Building, Cambridge CB2 8RU, UK},
    edition      = {},
    month        = {},
    note         = {}
}

@article{adams,
  author  = {John C. Adams, Jr}, 
  title   = {Atmosperic Re-entry},
  journal = {Semantic Scholar},
  year    = 2003,
  number  = {},
  pages   = {1-20},
  month   = {},
  note    = {}, 
  volume  = {}
}


@book{gallais,
    author       = {Gallais Patrick}, 
    title        = {Atmospheric Re-Entry Vehicle Mechanics},
    chapter      = 3,
    publisher    = {Springer-Verlag Berlin Heidelberg},
    year         = 2007,
    volume       = {},
    series       = {},
    address      = {Springer Berlin Heidelberg New York UK},
    edition      = {},
    month        = {},
    note         = {}
}

@online{aerothermodynamics,
    author      = {NASA},
    title       = {Lecture 1: Stagnation Point Heating},
    year        = 2012,
    url         = {www.tfaws.nasa.gov/TFAWS12/Proceedings/Aerothermodynamics\%20Course.pdf},
    lastvisited = {2020-05-09},
    keywords    = {}
}

@inbook{archivo2,
    author       = {}, 
    title        = {Returning from Space: Re-entry},
    chapter      = {4.1.7},
    pages        = {1-32},
    publisher    = {Motion, R. E.},
    year         = 2016,
    volume       = {},
    series       = {},
    address      = {},
    edition      = {},
    month        = {},
    note         = {}
}

@inbook{gomez_tierno,
    author       = {{Gómez Tierno, Miguel Ángel}; {Pérez Cortés, Manuel}; {Puentes Márquez, César}},
    title        = {Mecánica del Vuelo},
    chapter      = 3,
    pages        = {33-50},
    publisher    = {Ibergarceta Publicaciones S.L},
    year         = 2012,
    volume       = {},
    series       = {},
    address      = {},
    edition      = {2},
    month        = {},
    note         = {},
}

@inbook{bonet,
    author       = {{Carles Bonet Reves} and {Angel Jorba Monte} and {M. Teresa Martínez-Seara Alonso} and {Joaquím Masdemont Soler} and {Mercè Ollé Torner} and {Antoni Susin Sánchez} and {Marta València Guitart}},
    title        = {Càlcul numèric},
    chapter      = 9,
    pages        = {229, 238-241},
    publisher    = {Edicions UPC},
    year         = 2012,
    volume       = {},
    series       = {},
    address      = {},
    edition      = {2},
    month        = {},
    note         = {},
}


@online{nasa_atmosfera,
    author      = {NASA},
    title       = {Earth's Atmospheric Layers},
    year        = 2017,
    url         =  {www.nasa.gov/mission_pages/sunearth/science/atmosphere-layers2.html},
    lastvisited = {2020-05-10},
    keywords    = {}
}


@online{mercury_capsule,
    author      = {Hipertextual},
    title       = {Esquema Càpsula Mercury},
    year        = 2011,
    url         =  {www.hipertextual.com/2011/10/proyecto-mercury-la-carrera-espacial-de-estados-unidos/mercury-capsule},
    lastvisited = {2020-05-10},
    keywords    = {}
}

@online{mercury_capsule_space,
    author      = {Bisbos},
    title       = {Càpsula Mercury},
    year        = {},
    url         =  {www.bisbos.com/space_past_mercury.html},
    lastvisited = {2020-05-10},
    keywords    = {}
}

@inbook{zorich,
    author       = {{Vladimir A. Zorich}},
    title        = {Mathematical Analysis I},
    chapter      = 5,
    pages        = {197},
    publisher    = {SpringerIbergarceta Publicaciones S.L},
    year         = 2012,
    volume       = {},
    series       = {},
    address      = {},
    edition      = {2},
    month        = {},
    note         = {},
}


@online{nasa_ballistic,
    author      = {NASA},
    title       = {Equacions de vol balístic},
    year        = 2019,
    url         =  {www.grc.nasa.gov/www/k-12/airplane/ballflght.html},
    lastvisited = {2020-05-08},
    keywords    = {}
}

@online{nasa_vol_drag,
    author      = {NASA},
    title       = {Equacions de vol amb Drag},
    year        = 2018,
    url         =  {www.grc.nasa.gov/www/k-12/airplane/flteqs.html},
    lastvisited = {2020-05-08},
    keywords    = {}
}

@online{robert_frost,
    author      = {Robert Frost},
    title       = {Comparació entre balístic i sustentadora},
    year        = 2014,
    url         =  {quora.com/In-regards-to-atmospheric-reentry-what-exactly-is-a-ballistic-reentry-and-can-you-describe-in-detail-an-example-of-it},
    lastvisited = {2020-05-07},
    keywords    = {}
}

@online{nasa_saturnv,
    author      = {NASA},
    title       = {Launch of the Skylab space station},
    year        = 1973,
    url         =  {www.nasa.gov/feature/skylab-america-s-first-space-station},
    lastvisited = {2020-05-05},
    keywords    = {}
}

@online{nasa_spaceshuttle,
    author      = {NASA},
    title       = {NASA's Columbia orbiter launches skyward},
    year        = 1981,
    url         = {www.space.com/16726-space-shuttle.html},
    lastvisited = {2020-05-06},
    keywords    = {}
}

@online{nasa_mars_sheet,
    author      = {Dr. David R. Williams},
    title       = {Mars Fact Sheet},
    year        = {2018},
    url         =  {nssdc.gsfc.nasa.gov/planetary/factsheet/marsfact.html},
    lastvisited = {2020-05-14},
    keywords    = {}
}

@online{nasa_mars_info,
    author      = {Nancy Hall},
    title       = {Mars Atmosphere Model},
    year        = {2015},
    url         =  {www.grc.nasa.gov/WWW/K-12/airplane/atmosmrm.html},
    lastvisited = {2020-05-12},
    keywords    = {}
}

% Ejemplo referencia article
@article{art02,
    author      = {{Rodrigues, S. B.} and {Petzhold, C. L}. and {Gamba, D.} and {Leitune, V. C. B.} and {Collares, F. M.}},
    title       = {Acrylamides and methacrylamides as alternative monomers for dental adhesives},
    journal     = {Dental Materials},
    year        = 2018,
    number      = 11,
    pages       = {1634-1644},
    month       = 11,
    url         = {www.doi.org/10.1016/j.dental.2018.08.296},
    volume      = 34,
    keywords    = {paper}
}

% Ejemplo referencia online
@online{pubchem_methacrylamide_1,
    author      = {PubChem},
    title       = {Methacrylamide},
    year        = 2019,
    url         = {www.pubchem.ncbi.nlm.nih.gov/compound/methacrylamide},
    urldate     = {2019-11-30},
    keywords    = {divulgacion}
}

